@book{reference1,
        author = {Michael J. Moran and Howard N.Shapiro and Daise D. Boettner e Margaret B. Bailey },
        title = {Princípios de termodinâmica para engenharia },
        year={2013},
        publisher = {LTC},
        edition = {7°edição}
} 
@report{reference2,
        author = {Jorge Luiz Gomes Dias},
        title = {Ciclo de Otto: aplicação teórica e utilidade prática},
        howpublished = {Disponível em: \url{https://semanaacademica.org.br/system/files/artigos/cicloottoartigofinal.pdf}}, 
        year={2009}
}

@report{reference3,
        author = {Simplício},
        title = {Motor Ciclo Otto: entenda o funcionamento},
        howpublished = {Disponível em: 
        \url{https://blog.simplusbr.com/motor-ciclo-otto/}},
        year={2020}
}

@misc{reference5, 
        title = "Motores de Combustão Interna",
        author = {{Daniel Schulz}},
        howpublished = {Disponível em: \url{https://www.if.ufrgs.br/~dschulz/web/combustao_interna.htm}, Acesso em 21 de agosto de 2023},
        year="2009"
}

